@ONLINE{statista,
  author = {Statista},
  title = {E-commerce worldwide - Statics and Facts},
  year = {2018},
  url = {https://www.statista.com/topics/871/online-shopping/},
  urldate = {2018-03-03}
}


@ARTICLE{sha1collision,
    AUTHOR="Marc Stevens and Elie Bursztein and Pierre Karpman and Ange Albertini and Yarik Markov",
    TITLE="The first collision for full SHA-1",
    JOURNAL="CWI Amsterdam and Google Research",
    YEAR="2017",
}


@ARTICLE{lyra2,
    AUTHOR="Marcos A. Simplicio Jr",
    TITLE="Lyra2: Password Hashing Scheme with improved security against time-memory trade-offs",
    JOURNAL="Escola Politecnica – Universidade de São Paulo (Poli-USP), São Paulo, Brazil",
    YEAR="2015",
}


@ONLINE{venafi,
    author = {Shelley Boose},
    title = {21\% of Websites Still Use SHA-1. Don't They Know It's Broken?},
    year = {2018},
    url = {https://www.venafi.com/blog/21-of-websites-still-use-sha-1-don-t-they-know-it-s-broken},
    urldate = {2018-03-03}
}



@ONLINE{idnChrome,
    author = {The Chromium Projects},
    title = {Google Chrome's IDN policy},
    year = {2018},
    url = {https://www.chromium.org/developers/design-documents/idn-in-google-chrome},
    urldate = {2018-03-03}
}
